@manual{common,
	Author = {ɛntiˈtɛːt.kaɪ̯},
	Edition = {0.0.0},
	Month = {3},
	Title = {common},
	Year = {2016}}
