%%--+----1----+----2----+----3----+----4----+----5----+----6----+----7----+----8
%% Publishers



@String{pub-AW     = "Ad{\-d}i{\-s}on-Wes{\-l}ey"}
@String{pub-AW:adr = "Reading, MA, USA"}



%%--+----1----+----2----+----3----+----4----+----5----+----6----+----7----+----8



@book{Knuth:ct-a,
	Address = pub-AW:adr,
	Author = {Donald Ervin Knuth},
	Bibdate = {Fri Jul 22 09:03:17 1994},
	Date-Added = {2016-03-26 13:23:36 +0000},
	Date-Modified = {2016-03-26 13:52:07 +0000},
	Isbn = {0-201-13447-0},
	Lccn = {Z253.4.T47 K58 1986},
	Pages = {ix + 483},
	Price = {US\$32.95},
	Publisher = pub-AW,
	Series = {Computers and Typesetting},
	Title = {The {\TeX}book},
	Volume = {A},
	Year = {{\noopsort{1986a}}1986}}

@book{Knuth:ct-c,
	Address = pub-AW:adr,
	Author = {Donald Ervin Knuth},
	Bibdate = {Fri Jul 22 09:06:26 1994},
	Date-Added = {2016-03-26 13:23:40 +0000},
	Date-Modified = {2016-03-26 13:51:26 +0000},
	Isbn = {0-201-13445-4 (hardcover), 0-201-13444-6 (paperback)},
	Lccn = {Z250.8.M46 K58 1986},
	Pages = {xi + 361},
	Price = {US\$32.95 (hardcover), US\$16.95 (paperback)},
	Publisher = pub-AW,
	Series = {Computers and Typesetting},
	Title = {The \hologo{METAFONT}book},
	Volume = {C},
	Year = {{\noopsort{1986c}}1986}}



%%--+----1----+----2----+----3----+----4----+----5----+----6----+----7----+----8



@manual{gitinfo,
	Author = {Brent Longborough},
	Edition = {Release: 2.0.7 (10541bd)},
	Month = {11},
	Title = {gitinfo2.sty},
	Year = {2015}}

@manual{imakeidx,
	Author = {Enrico Gregorio},
	Edition = {Version number v1.3a; last revision 2013/07/11},
	Month = {7},
	Title = {The package imakeidx},
	Year = {2013}}

@manual{listingsutf8,
	Author = {Heiko Oberdiek},
	Edition = {2011/11/10 v1.2},
	Month = {11},
	Title = {The listingsutf8 package},
	Year = {2011}}

@manual{pdfpages,
	Author = {Andreas Matthias},
	Edition = {v0.4v, last revised 2013/08/25},
	Month = {8},
	Title = {The pdfpages Package},
	Year = {2013}}

@manual{todonotes,
	Author = {Henrik Skov Midtiby},
	Edition = {2012/07/25},
	Month = {11},
	Title = {The todonotes package},
	Year = {2012}}
